@book{Schöning+2009,
author = {Uwe Schöning},
doi = {doi:10.1524/9783486594058},
url = {https://doi.org/10.1524/9783486594058},
title = {Ideen der Informatik 3.A.},
year = {2009},
publisher = {Oldenbourg Wissenschaftsverlag},
ISBN = {978-3-486-59405-8}
}
