% This file was created with Citavi 6.8.0.0

@book{Schoening2009,
	author = {Uwe Sch√∂ning},
	doi = {doi:10.1524/9783486594058},
	url = {https://doi.org/10.1524/9783486594058},
	title = {Ideen der Informatik 3.A.},
	year = {2009},
	publisher = {Oldenbourg Wissenschaftsverlag},
	ISBN = {978-3-486-59405-8}
}

@book{Lange.2006,
 year = {2006},
 title = {W{\"o}rterbuch zur Inneren Sicherheit},
 address = {Wiesbaden},
 publisher = {{VS Verlag f{\"u}r Sozialwissenschaften}},
 isbn = {978-3-531-90596-9},
 editor = {Lange, Hans-J{\"u}rgen and Gasch, Matthias}
}

